@article{wei2022chain,
  author  = {Jason Wei and Xuezhi Wang and Dale Schuurmans and Maarten Bosma and Fei Xia and Ed Chi and Quoc V. Le and Denny Zhou and others},
  title   = {Chain-of-thought prompting elicits reasoning in large language models},
  journal = {Advances in Neural Information Processing Systems},
  volume  = {35},
  pages   = {24824--24837},
  year    = {2022}
}

@misc{xu2023rewoo,
  title         = {ReWOO: Decoupling Reasoning from Observations for Efficient Augmented Language Models},
  author        = {Binfeng Xu and Zhiyuan Peng and Bowen Lei and Subhabrata Mukherjee and Yuchen Liu and Dongkuan Xu},
  year          = {2023},
  eprint        = {2305.18323},
  archiveprefix = {arXiv},
  primaryclass  = {cs.CL}
}

@misc{yao2023tree,
  title         = {Tree of Thoughts: Deliberate Problem Solving with Large Language Models},
  author        = {Shunyu Yao and Dian Yu and Jeffrey Zhao and Izhak Shafran and Thomas L. Griffiths and Yuan Cao and Karthik Narasimhan},
  year          = {2023},
  eprint        = {2305.10601},
  archiveprefix = {arXiv},
  primaryclass  = {cs.CL}
}

@article{yao2022react,
  author  = {Shunyu Yao and Jeffrey Zhao and Dian Yu and Nan Du and Izhak Shafran and Karthik Narasimhan and Yuan Cao},
  journal = {arXiv preprint arXiv: Arxiv-2210.03629},
  title   = {ReAct: Synergizing Reasoning and Acting in Language Models},
  year    = {2022}
}

@misc{wang2023voyager,
  title         = {Voyager: An Open-Ended Embodied Agent with Large Language Models},
  author        = {Guanzhi Wang and Yuqi Xie and Yunfan Jiang and Ajay Mandlekar and Chaowei Xiao and Yuke Zhu and Linxi Fan and Anima Anandkumar},
  year          = {2023},
  eprint        = {2305.16291},
  archiveprefix = {arXiv},
  primaryclass  = {cs.AI}
}

@misc{wang2023selfconsistency,
  title         = {Self-Consistency Improves Chain of Thought Reasoning in Language Models},
  author        = {Xuezhi Wang and Jason Wei and Dale Schuurmans and Quoc Le and Ed Chi and Sharan Narang and Aakanksha Chowdhery and Denny Zhou},
  year          = {2023},
  eprint        = {2203.11171},
  archiveprefix = {arXiv},
  primaryclass  = {cs.CL}
}

@misc{shen2023hugginggpt,
  title         = {HuggingGPT: Solving AI Tasks with ChatGPT and its Friends in Hugging Face},
  author        = {Yongliang Shen and Kaitao Song and Xu Tan and Dongsheng Li and Weiming Lu and Yueting Zhuang},
  year          = {2023},
  eprint        = {2303.17580},
  archiveprefix = {arXiv},
  primaryclass  = {cs.CL}
}

@misc{schick2023toolformer,
  title         = {Toolformer: Language Models Can Teach Themselves to Use Tools},
  author        = {Timo Schick and Jane Dwivedi-Yu and Roberto Dessì and Roberta Raileanu and Maria Lomeli and Luke Zettlemoyer and Nicola Cancedda and Thomas Scialom},
  year          = {2023},
  eprint        = {2302.04761},
  archiveprefix = {arXiv},
  primaryclass  = {cs.CL}
}

@misc{li2023apibank,
  title         = {API-Bank: A Benchmark for Tool-Augmented LLMs},
  author        = {Minghao Li and Feifan Song and Bowen Yu and Haiyang Yu and Zhoujun Li and Fei Huang and Yongbin Li},
  year          = {2023},
  eprint        = {2304.08244},
  archiveprefix = {arXiv},
  primaryclass  = {cs.CL}
}

@misc{wang2023survey,
  title         = {A Survey on Large Language Model based Autonomous Agents},
  author        = {Lei Wang and Chen Ma and Xueyang Feng and Zeyu Zhang and Hao Yang and Jingsen Zhang and Zhiyuan Chen and Jiakai Tang and Xu Chen and Yankai Lin and Wayne Xin Zhao and Zhewei Wei and Ji-Rong Wen},
  year          = {2023},
  eprint        = {2308.11432},
  archiveprefix = {arXiv},
  primaryclass  = {cs.AI}
}

@misc{song2023llmplanner,
  title         = {LLM-Planner: Few-Shot Grounded Planning for Embodied Agents with Large Language Models},
  author        = {Chan Hee Song and Jiaman Wu and Clayton Washington and Brian M. Sadler and Wei-Lun Chao and Yu Su},
  year          = {2023},
  eprint        = {2212.04088},
  archiveprefix = {arXiv},
  primaryclass  = {cs.AI}
}

@article{bubeck2023sparks,
  author  = {Sébastien Bubeck and Varun Chandrasekaran and Ronen Eldan and Johannes Gehrke and Eric Horvitz and Ece Kamar and Peter Lee and Yin Tat Lee and Yuanzhi Li and Scott Lundberg and Harsha Nori and Hamid Palangi and Marco Tulio Ribeiro and Yi Zhang},
  journal = {arXiv preprint arXiv: Arxiv-2303.12712},
  title   = {Sparks of Artificial General Intelligence: Early experiments with GPT-4},
  year    = {2023}
}

@misc{autogpt,
  journal = {GitHub},
  author = {Significant Gravitas Team},
  key     = {autogpt},
  title   = {Significant-gravitas/auto-GPT: An experimental open-source attempt to make GPT-4 fully autonomous.},
  url     = {https://github.com/Significant-Gravitas/Auto-GPT/tree/master},
  year    = {2023}
}

@misc{langchain,
  journal = {GitHub},
  author  = {langchain team},
  key     = {langchain},
  title   = {Hwchase17/Langchain: building applications with llms through composability},
  url     = {https://github.com/hwchase17/langchain},
  year    = {2023}
}

@misc{chatgpt,
  journal = {Introducing ChatGPT},
  author  = {openai},
  key     = {chatgpt},
  title   = {Introducing ChatGPT},
  url     = {https://openai.com/blog/chatgpt},
  year    = {2022}
}

@article{skreta2023errors,
  author  = {Marta Skreta and Naruki Yoshikawa and Sebastian Arellano-Rubach and Zhi Ji and Lasse Bjørn Kristensen and Kourosh Darvish and Alán Aspuru-Guzik and Florian Shkurti and Animesh Garg},
  journal = {arXiv preprint arXiv: Arxiv-2303.14100},
  title   = {Errors are Useful Prompts: Instruction Guided Task Programming with Verifier-Assisted Iterative Prompting},
  year    = {2023}
}

@misc{openinterpreter,
  journal = {GitHub},
  author  = {KillianLucas},
  key     = {openinterpreter},
  title   = {Open Interpreter},
  url     = {https://github.com/KillianLucas/open-interpreter},
  year    = {2023}
}


@misc{hong2023metagpt,
  title         = {MetaGPT: Meta Programming for Multi-Agent Collaborative Framework},
  author        = {Sirui Hong and Xiawu Zheng and Jonathan Chen and Yuheng Cheng and Jinlin Wang and Ceyao Zhang and Zili Wang and Steven Ka Shing Yau and Zijuan Lin and Liyang Zhou and Chenyu Ran and Lingfeng Xiao and Chenglin Wu},
  year          = {2023},
  eprint        = {2308.00352},
  archiveprefix = {arXiv},
  primaryclass  = {cs.AI}
}

@misc{qian2023communicative,
  title         = {Communicative Agents for Software Development},
  author        = {Chen Qian and Xin Cong and Wei Liu and Cheng Yang and Weize Chen and Yusheng Su and Yufan Dang and Jiahao Li and Juyuan Xu and Dahai Li and Zhiyuan Liu and Maosong Sun},
  year          = {2023},
  eprint        = {2307.07924},
  archiveprefix = {arXiv},
  primaryclass  = {cs.SE}
}

@misc{GPTEngineer,
  author = {Anton Osika and others},
  title  = {GPT Engineer},
  year   = {2023},
  url    = {https://github.com/AntonOsika/gpt-engineer}
}

@misc{Agentgpt,
  author = {Reworkd and others},
  title  = {AgentGPT},
  year   = {2023},
  url    = {https://github.com/reworkd/AgentGPT}
}

@misc{Auto-gpt,
  author = {Torantulino and others},
  title  = {Auto-GPT},
  year   = {2023},
  url    = {https://github.com/Significant-Gravitas/Auto-GPT}
}

@misc{workgpt,
  author = {Alex MacCaw and others},
  title  = {WorkGPT},
  year   = {2023},
  url    = {https://github.com/team-openpm/workgpt}
}

@misc{GPTeam,
  journal = {GitHub},
  author = {101dotxyz},
  key     = {GPTeam},
  title   = {GPTeam: Collaborative AI Agents},
  url     = {https://github.com/101dotxyz/GPTeam},
  year    = {2023}
}

@misc{GPTCache,
  journal = {GitHub},
  author = {zilliztech},
  key     = {GPTCache},
  title   = {GPTCache : A Library for Creating Semantic Cache for LLM Queries},
  url     = {https://github.com/zilliztech/GPTCache},
  year    = {2023}
}


@misc{bairi2023codeplan,
  title         = {CodePlan: Repository-level Coding using LLMs and Planning},
  author        = {Ramakrishna Bairi and Atharv Sonwane and Aditya Kanade and Vageesh D C and Arun Iyer and Suresh Parthasarathy and Sriram Rajamani and B. Ashok and Shashank Shet},
  year          = {2023},
  eprint        = {2309.12499},
  archiveprefix = {arXiv},
  primaryclass  = {cs.SE}
}

@misc{qian2023creator,
  title         = {CREATOR: Disentangling Abstract and Concrete Reasonings of Large Language Models through Tool Creation},
  author        = {Cheng Qian and Chi Han and Yi R. Fung and Yujia Qin and Zhiyuan Liu and Heng Ji},
  year          = {2023},
  eprint        = {2305.14318},
  archiveprefix = {arXiv},
  primaryclass  = {cs.CL}
}

@article{Schmidhuber_2015,
  doi       = {10.1016/j.neunet.2014.09.003},
  url       = {https://doi.org/10.1016%2Fj.neunet.2014.09.003},
  year      = {2015},
  month     = {jan},
  publisher = {Elsevier {BV}},
  volume    = {61},
  pages     = {85--117},
  author    = {Jürgen Schmidhuber},
  title     = {Deep learning in neural networks: An overview},
  journal   = {Neural Networks}
}

@misc{dong2023survey,
  title         = {A Survey on In-context Learning},
  author        = {Qingxiu Dong and Lei Li and Damai Dai and Ce Zheng and Zhiyong Wu and Baobao Chang and Xu Sun and Jingjing Xu and Lei Li and Zhifang Sui},
  year          = {2023},
  eprint        = {2301.00234},
  archiveprefix = {arXiv},
  primaryclass  = {cs.CL}
}

@misc{mialon2023augmented,
  title         = {Augmented Language Models: a Survey},
  author        = {Grégoire Mialon and Roberto Dessì and Maria Lomeli and Christoforos Nalmpantis and Ram Pasunuru and Roberta Raileanu and Baptiste Rozière and Timo Schick and Jane Dwivedi-Yu and Asli Celikyilmaz and Edouard Grave and Yann LeCun and Thomas Scialom},
  year          = {2023},
  eprint        = {2302.07842},
  archiveprefix = {arXiv},
  primaryclass  = {cs.CL}
}

@misc{li2022survey,
  title         = {A Survey on Retrieval-Augmented Text Generation},
  author        = {Huayang Li and Yixuan Su and Deng Cai and Yan Wang and Lemao Liu},
  year          = {2022},
  eprint        = {2202.01110},
  archiveprefix = {arXiv},
  primaryclass  = {cs.CL}
}

@misc{lewis2021retrievalaugmented,
  title         = {Retrieval-Augmented Generation for Knowledge-Intensive NLP Tasks},
  author        = {Patrick Lewis and Ethan Perez and Aleksandra Piktus and Fabio Petroni and Vladimir Karpukhin and Naman Goyal and Heinrich Küttler and Mike Lewis and Wen-tau Yih and Tim Rocktäschel and Sebastian Riedel and Douwe Kiela},
  year          = {2021},
  eprint        = {2005.11401},
  archiveprefix = {arXiv},
  primaryclass  = {cs.CL}
}

@misc{touvron2023llama,
  title         = {Llama 2: Open Foundation and Fine-Tuned Chat Models},
  author        = {Hugo Touvron and Louis Martin and Kevin Stone and Peter Albert and Amjad Almahairi and Yasmine Babaei and Nikolay Bashlykov and Soumya Batra and Prajjwal Bhargava and Shruti Bhosale and Dan Bikel and Lukas Blecher and Cristian Canton Ferrer and Moya Chen and Guillem Cucurull and David Esiobu and Jude Fernandes and Jeremy Fu and Wenyin Fu and Brian Fuller and Cynthia Gao and Vedanuj Goswami and Naman Goyal and Anthony Hartshorn and Saghar Hosseini and Rui Hou and Hakan Inan and Marcin Kardas and Viktor Kerkez and Madian Khabsa and Isabel Kloumann and Artem Korenev and Punit Singh Koura and Marie-Anne Lachaux and Thibaut Lavril and Jenya Lee and Diana Liskovich and Yinghai Lu and Yuning Mao and Xavier Martinet and Todor Mihaylov and Pushkar Mishra and Igor Molybog and Yixin Nie and Andrew Poulton and Jeremy Reizenstein and Rashi Rungta and Kalyan Saladi and Alan Schelten and Ruan Silva and Eric Michael Smith and Ranjan Subramanian and Xiaoqing Ellen Tan and Binh Tang and Ross Taylor and Adina Williams and Jian Xiang Kuan and Puxin Xu and Zheng Yan and Iliyan Zarov and Yuchen Zhang and Angela Fan and Melanie Kambadur and Sharan Narang and Aurelien Rodriguez and Robert Stojnic and Sergey Edunov and Thomas Scialom},
  year          = {2023},
  eprint        = {2307.09288},
  archiveprefix = {arXiv},
  primaryclass  = {cs.CL}
}